@article{d2004accents,
  title={The accents of the British Isles (ABI) corpus},
  author={D’Arcy, Shona M and Russell, Martin J and Browning, Sue R and Tomlinson, Mike J},
  journal={Proceedings Mod{\'e}lisations pour l’Identification des Langues},
  pages={115--119},
  year={2004}
}

@article{garofalo1993darpa,
  title={The DARPA TIMIT acoustic-phonetic continuous speech corpus cdrom},
  author={Garofalo, John S and Lamel, Lori F and Fisher, William M and Fiscus, Johnathan G and Pallett, David S and Dahlgren, Nancy L},
  journal={Linguistic Data Consortium},
  year={1993}
}

@misc{common_voice, 
    title={Common Voice by Mozilla}, 
    url={https://voice.mozilla.org/en}, 
    journal={Common Voice},
    year={2018}
}

@inproceedings{robinson1995wsjcamo,
  title={WSJCAMO: a British English speech corpus for large vocabulary continuous speech recognition},
  author={Robinson, Tony and Fransen, Jeroen and Pye, David and Foote, Jonathan and Renals, Steve},
  booktitle={1995 International Conference on Acoustics, Speech, and Signal Processing},
  volume={1},
  pages={81--84},
  year={1995},
  organization={IEEE}
}

@incollection{weinberger2011speech,
  title={The Speech Accent Archive: towards a typology of English accents},
  author={Weinberger, Steven H and Kunath, Stephen A},
  booktitle={Corpus-based Studies in Language Use, Language Learning, and Language Documentation},
  pages={265--281},
  year={2011},
  publisher={Brill Rodopi}
}

@inproceedings{kominek2004cmu,
  title={The CMU Arctic speech databases},
  author={Kominek, John and Black, Alan W},
  booktitle={Fifth ISCA workshop on speech synthesis},
  year={2004}
}

@article{chung2018voxceleb2,
  title={Voxceleb2: Deep speaker recognition},
  author={Chung, Joon Son and Nagrani, Arsha and Zisserman, Andrew},
  journal={arXiv preprint arXiv:1806.05622},
  year={2018}
}

@article{miron2019suicide,
  title={Suicide rates among adolescents and young adults in the United States, 2000-2017},
  author={Miron, Oren and Yu, Kun-Hsing and Wilf-Miron, Rachel and Kohane, Isaac S},
  journal={Jama},
  volume={321},
  number={23},
  pages={2362--2364},
  year={2019},
  publisher={American Medical Association}
}

@inproceedings{prathyusha2017cyberbully,
  title={Cyberbully detection using hybrid techniques},
  author={Prathyusha, Tata and Hemavathy, R and Sheeba, JI},
  booktitle={International Conference on Telecommunication, Power Analysis and Computing Techniques (ICTPACT 2017). IEEE},
  pages={1--6},
  year={2017}
}

@article{van2018automatic,
  title={Automatic detection of cyberbullying in social media text},
  author={Van Hee, Cynthia and Jacobs, Gilles and Emmery, Chris and Desmet, Bart and Lefever, Els and Verhoeven, Ben and De Pauw, Guy and Daelemans, Walter and Hoste, V{\'e}ronique},
  journal={PloS one},
  volume={13},
  number={10},
  pages={e0203794},
  year={2018},
  publisher={Public Library of Science}
}

@article{al2016cybercrime,
  author    = {Mohammed Ali Al{-}garadi and
               Kasturi Dewi Varathan and
               Sri Devi Ravana},
  title     = {Cybercrime detection in online communications: The experimental case
               of cyberbullying detection in the Twitter network},
  journal   = {Computers in Human Behavior},
  volume    = {63},
  pages     = {433--443},
  year      = {2016},
  url       = {https://doi.org/10.1016/j.chb.2016.05.051},
  doi       = {10.1016/j.chb.2016.05.051},
  timestamp = {Sat, 20 May 2017 00:23:46 +0200},
  biburl    = {https://dblp.org/rec/bib/journals/chb/Al-garadiVR16},
  bibsource = {dblp computer science bibliography, https://dblp.org}
}

@inproceedings{zhong2016content,
  title={Content-Driven Detection of Cyberbullying on the Instagram Social Network.},
  author={Zhong, Haoti and Li, Hao and Squicciarini, Anna Cinzia and Rajtmajer, Sarah Michele and Griffin, Christopher and Miller, David J and Caragea, Cornelia},
  booktitle={IJCAI},
  pages={3952--3958},
  year={2016}
}

@inproceedings{reynolds2011using,
  title={Using machine learning to detect cyberbullying},
  author={Reynolds, Kelly and Kontostathis, April and Edwards, Lynne},
  booktitle={2011 10th International Conference on Machine learning and applications and workshops},
  volume={2},
  pages={241--244},
  year={2011},
  organization={IEEE}
}

@inproceedings{dinakar2011modeling,
  title={Modeling the detection of textual cyberbullying},
  author={Dinakar, Karthik and Reichart, Roi and Lieberman, Henry},
  booktitle={fifth international AAAI conference on weblogs and social media},
  year={2011}
}